@IEEEtranBSTCTL{bstctl:etal,
  CTLuse_forced_etal = {yes},
  CTLmax_names_forced_etal = {3},
}

@IEEEtranBSTCTL{bstctl:nodash,
  CTLdash_repeated_names = {no},
}

@IEEEtranBSTCTL{bstctl:simpurl,
  CTLname_url_prefix = {Available: },
}

@article{raytrace,
	author = {Zhengqing Yun and Magdy F. Iskander},
	title = "Ray Tracing for Radio Propagation Modeling:Principles and Applications",
	journal = "IEEE Access",
	year = 2015,
	volume = 3
}

@inproceedings{reflections,
	author = {J.E. Berg and J. Ruprecht and J.P. de Weck and A. Mattsson},
	title = "Specular reflections from high-rise buildings in 900 MHz cellular systems",
	booktitle = {41st IEEE},
	year = 1991
}
 

@inproceedings{roofnet,
	author = {John Bicket and Daniel Aguayo and Sanjit Biswas and Robert Morris},
	title = "Architecture and Evaluation of an Unplanned 802.11b Mesh Network",
	booktitle = {MobiCom '05},
	year = 2005
}

@inproceedings{dronesense,
	author = {Ethan Yu and Xi Xiong and Xia Zhou},
	title = "Automating 3D Wireless Measurements with Drones",
	booktitle = {WiNTECH '16},
	year = 2016
}

@inproceedings{urban,
	author = {Glaucio Lopes Ramos and Robson Domingos Vieira and Cassio Goncalves do Rego and Paulo Tiburcio Pereira and Glaucio Lima Siqueira},
	title = "Urban Measurements and Propagation Models Comparison of a 3.5 GHz Signal for Broadband Wireless Systems",
	booktitle = {EuCAP '10},
	year = 2010
}

@inproceedings{rapaport,
	author = {Greg Durgin and Theodore Rapaport and Hao Xu},
	title = "Measurements and Models for Radio
	Path Loss and Penetration Loss In and
	Around Homes and Trees at 5.85 GHz",
	booktitle = {GlobeCom '98},
	year = 1998
}

@TechReport{fcc15,
	author      = {{Industry Analysis and Technology Division}},
	title       = {Internet Access Services: Status as of December 31, 2015},
	institution = {Federal Communications Commission (FCC)},
	year        = {2016}
}

@TechReport{connectivity,
	author      = "Nick Russo, Danielle Kehl, Robert Morgus and Sarah Morris",
	title       = {The Cost of Connectivity 2014},
	institution = {Open Technology Institute},
	year        = {2014}
}

@TechReport{wheeler,
	author      = "Tom Wheeler",
	title       = {The Facts and Future of Broadband Competition},
	institution = {Federal Communications Commission (FCC)},
	year        = {2014}
}

@Unpublished{korea,
	author = "J.C. Herz",
	title = "The Bandwidth Capital of the World",
	month = {8},
	year = {2002},
	note = {Wired Magazine}
}

@misc{goldman,
	author = "Jay Yarow",
	title = "How Much It Would Cost Google To Become A National Cable Company Like Comcast",
	howpublished = {\url{	http://www.businessinsider.com/how-much-it-would-cost-google-to-build-a-cable-network-2012-12}},

	month = {12},
	year = {2012},
	note = {Business Insider}
}

@misc{redhook,
	author = "Noam Cohen",
	title = "Red Hook's Cutting-Edge Wireless Network",
	howpublished = {\url{	https://www.nytimes.com/2014/08/24/nyregion/red-hooks-cutting-edge-wireless-network.html}},
	
	month = {8},
	year = {2014},
	note = {New York Time}
}


@misc{dji,
	author = "April Glaser",
	title = "DJI is running away with the drone market",
	howpublished = {\url{	https://www.recode.net/2017/4/14/14690576/drone-market-share-growth-charts-dji-forecast}},
	
	month = {4},
	year = {2017},
	note = {Recode}
}

@misc{google,
	title = {Google Fiber},
	howpublished = {\url{https://fiber.google.com/about/}}
}

@misc{airfiber,
	title = {Ubiquiti Air Fiber},
	howpublished = {\url{https://www.ubnt.com/airfiber/airfiber5/}}
}
@misc{parrot,
	title = {Parrot for Developers},
	howpublished = {\url{http://developer.parrot.com/}}
}

@manual{rfe,
	title="RF Explorer User Manual",
	organization="rf-explorer.com",
	year="2017"
}

@manual{nanobridge,
	title="Nanobridge M Datasheet ",
	organization="Ubiquiti Networks",
	year = "2016"
}

@manual{rpi,
	title="Raspberry Pi 2, Model B",
	organization="adafruit.com"

}

@manual{p3a,
	title="Phantom 3 Advanced User Manual V1.0",
	organization="DJI",
	year="2015"
}






